
    @article{527120:11973130,
        author      = "Gobind S. Bisht and Giulia Canton and Alireza Mirsepassi and Lawrence Kulinsky and Seajin Oh and Derek Dunn-Rankin and Marc J. Madou",
        title       = "{Controlled Continuous Patterning of Polymeric Nanofibers on Three-Dimensional Substrates Using Low-Voltage Near-Field Electrospinning}",
        journal       = "{Nano Letters}",
        year       = "2011",
        month       = "apr",
        volume       = "11",
        number       = "4",
        pages       = "1831-1837",
        doi       = "10.1021/nl2006164",
    }
  @article{527120:11974329,
        author      = "Jie Zheng and Yun Ze Long and Bin Sun and Zhi Hua Zhang and Feng Shao and Hong Di Zhang and Zhi Ming Zhang and Jia Yin Huang",
        title       = "{Polymer nanofibers prepared by low-voltage near-field electrospinning}",
        journal       = "{Chinese Physics B}",
        year       = "2012",
        volume       = "21",
        number       = "4",
        pages       = "1-6",
        doi       = "10.1088/1674-1056/21/4/048102",
    }
  @article{527120:11974314,
        author      = "Jongwan Lee and Seung Yong Lee and Jinah Jang and Young Hun Jeong and Dong-Woo Cho",
        title       = "{Fabrication of Patterned Nanofibrous Mats Using Direct-Write Electrospinning}",
        journal       = "{Langmuir}",
        year       = "2012",
        month       = "may",
        volume       = "28",
        number       = "18",
        pages       = "7267-7275",
        doi       = "10.1021/la3009249",
    }
  @article{527120:11974321,
        author      = "Daoheng Sun and Chieh Chang and Sha Li and Liwei Lin",
        title       = "{Near-Field Electrospinning}",
        year       = "2006",
        doi       = "10.1021/nl0602701",
    }
  @article{527120:11974306,
        author      = "Chieh Chang and Kevin Limkrailassiri and Liwei Lin",
        title       = "{Continuous near-field electrospinning for large area deposition of orderly nanofiber patterns}",
        journal       = "{Appl Phys Lett}",
        year       = "2008",
        pages       = "3",
        doi       = "10.1063/1.2975834",
    }
  @article{527120:11974310,
        author      = "Ashish Gupta and Alexander M Seifalian and Zeeshan Ahmad and Mohan J Edirisinghe and Marc C Winslet",
        title       = "{Novel Electrohydrodynamic Printing of Nanocomposite Biopolymer Scaffolds}",
        journal       = "{Journal of BIOACTIVE AND COMPATIBLE POLYMERS}",
        year       = "2007",
        volume       = "22",
        doi       = "10.1177/0883911507078268",
    }
  @article{527120:11974311,
        author      = "YongAn Huang and Yongqing Duan and Yajiang Ding and Ningbin Bu and Yanqiao Pan and Nanshu Lu and Zhouping Yin",
        title       = "{Versatile, kinetically controlled, high precision electrohydrodynamic writing of micro/nanofibers}",
        journal       = "{Scientific Reports}",
        year       = "2015",
        month       = "may",
        volume       = "4",
        number       = "1",
        pages       = "5949",
        doi       = "10.1038/srep05949",
    }
  @article{527120:11974312,
        author      = "Jiaxin Jiang and Xiang Wang and Wenwang Li and Juan Liu and Yifang Liu and Gaofeng Zheng and Jiaxin Jiang and Xiang Wang and Wenwang Li and Juan Liu and Yifang Liu and Gaofeng Zheng",
        title       = "{Electrohydrodynamic Direct-Writing Micropatterns with Assisted Airflow}",
        journal       = "{Micromachines}",
        year       = "2018",
        month       = "sep",
        volume       = "9",
        number       = "9",
        pages       = "456",
        doi       = "10.3390/mi9090456",
    }
  @article{527120:11974313,
        author      = "Jinseong Kim and Bohee Maeng and Jungyul Park",
        title       = "{Characterization of 3D electrospinning on inkjet printed conductive pattern on paper}",
        journal       = "{Micro and Nano Systems Letters}",
        year       = "2018",
        month       = "dec",
        volume       = "6",
        number       = "1",
        pages       = "12",
        doi       = "10.1186/s40486-018-0074-1",
    }
  @article{527120:11974305,
        author      = "Daniela Di Camillo and Vito Fasano and Fabrizio Ruggieri and Sandro Santucci and Luca Lozzi and Andrea Camposeo and Dario Pisignano",
        title       = "{Near-field electrospinning of conjugated polymer light-emitting nanofibers}",
        journal       = "{Nanoscale}",
        year       = "2013",
        volume       = "5",
        pages       = "11637-11642",
        doi       = "10.1039/C3NR03094F",
    }
  @article{527120:11974320,
        author      = "Chiho Song and John A. Rogers and Jong-Man Kim and Heejoon Ahn",
        title       = "{Patterned polydiacetylene-embedded polystyrene nanofibers based on electrohydrodynamic jet printing}",
        journal       = "{Macromolecular Research}",
        year       = "2015",
        month       = "jan",
        volume       = "23",
        number       = "1",
        pages       = "118-123",
        doi       = "10.1007/s13233-015-3024-2",
    }
  @article{527120:11974308,
        author      = "Yongqing Duan and Yajiang Ding and Zhoulong Xu and YongAn Huang and Zhouping Yin",
        title       = "{Helix Electrohydrodynamic Printing of Highly Aligned Serpentine Micro/Nanofibers.}",
        journal       = "{Polymers}",
        year       = "2017",
        month       = "sep",
        volume       = "9",
        number       = "9",
        doi       = "10.3390/polym9090434",
        howpublished       = "30965737",
    }
  @article{527120:11974322,
        author      = "Han Wang and Shenneng Huang and Feng Liang and Peixuan Wu and Minhao Li and Sen Lin and Xindu Chen",
        title       = "{Research on Multinozzle Near-Field Electrospinning Patterned Deposition}",
        journal       = "{Journal of Nanomaterials}",
        year       = "2015",
        month       = "jul",
        volume       = "2015",
        pages       = "1-8",
        doi       = "10.1155/2015/529138",
    }
  @article{527120:11974323,
        author      = "Zhifeng Wang and Xindu Chen and Jun Zeng and Feng Liang and Peixuan Wu and Han Wang",
        title       = "{Controllable deposition distance of aligned pattern via dual-nozzle near-field electrospinning}",
        journal       = "{AIP Advances}",
        year       = "2017",
        month       = "mar",
        volume       = "7",
        number       = "3",
        pages       = "035310",
        doi       = "10.1063/1.4974936",
    }
  @article{527120:11974324,
        author      = "Zhifeng Wang and Xindu Chen and Jiarong Zhang and Ya-Ju Lin and Kuan Li and Jun Zeng and Peixuan Wu and Yunbo He and Yang Li and Han Wang",
        title       = "{Fabrication and evaluation of controllable deposition distance for aligned pattern by multi-nozzle near-field electrospinning}",
        journal       = "{AIP Advances}",
        year       = "2018",
        month       = "jul",
        volume       = "8",
        number       = "7",
        pages       = "075111",
        doi       = "10.1063/1.5032082",
    }
  @article{527120:11974325,
        author      = "Jiachen Xu and Maxwell Abecassis and Zixuan Zhang and Ping Guo and Jiaxing Huang and Kornel Ehmann and Jian Cao",
        title       = "{Accuracy Improvement of Nano-fiber Deposition by Near-Field Electrospinning}",
        journal       = "{International Workshop on Microfactories}",
        year       = "2014",
        volume       = "IWMF2014",
        number       = "9th",
    }
  @article{527120:11974326,
        author      = "Niannan Xue and Xia Li and Cristina Bertulli and Zhaoying Li and Atipat Patharagulpong and Amine Sadok and Yan Yan Shery Huang",
        editor      = "Wei-Chun Chin",
        title       = "{Rapid Patterning of 1-D Collagenous Topography as an ECM Protein Fibril Platform for Image Cytometry}",
        journal       = "{PLoS ONE}",
        year       = "2014",
        month       = "apr",
        volume       = "9",
        number       = "4",
        pages       = "e93590",
        doi       = "10.1371/journal.pone.0093590",
    }
  @article{527120:11974327,
        author      = "Gaofeng Zheng and Wenwang Li and Xiang Wang and Dezhi Wu and Daoheng Sun and Liwei Lin",
        title       = "{Precision deposition of a nanofibre by near-field electrospinning}",
        journal       = "{Journal of Physics D: Applied Physics}",
        year       = "2010",
        month       = "oct",
        volume       = "43",
        number       = "41",
        pages       = "415501",
        doi       = "10.1088/0022-3727/43/41/415501",
    }
  @article{527120:11974328,
        author      = "Jiang-Yi Zheng and Hai-Yan Liu and Xiang Wang and Yang Zhao and Wei-Wei Huang and Gao-Feng Zheng and Dao-Heng Sun",
        title       = "{Electrohydrodynamic Direct-Write Orderly Micro/Nanofibrous Structure on Flexible Insulating Substrate}",
        journal       = "{Journal of Nanomaterials}",
        year       = "2014",
        month       = "may",
        volume       = "2014",
        pages       = "1-7",
        doi       = "10.1155/2014/708186",
    }
  @article{527120:11974316,
        author      = "Sung-Yong Min and Tae-Sik Kim and Beom Joon Kim and Himchan Cho and Yong-Young Noh and Hoichang Yang and Jeong Ho Cho and Tae-Woo Lee",
        title       = "{Large-scale organic nanowire lithography and electronics}",
        journal       = "{Nature Communications}",
        year       = "2013",
        month       = "jun",
        volume       = "4",
        number       = "1",
        pages       = "1773",
        doi       = "10.1038/ncomms2785",
    }
  